<record><leader>00000cas a2200000 a 4500</leader><controlfield tag="001">12541021</controlfield><controlfield tag="008">850912d1872187uiluwr ne      0   a0eng c</controlfield><datafield ind1=" " ind2=" " tag="010"><subfield code="a">sn 85034188 </subfield></datafield><datafield ind1=" " ind2=" " tag="040"><subfield code="a">NPU</subfield><subfield code="b">eng</subfield><subfield code="c">NPU</subfield><subfield code="d">NVF</subfield><subfield code="d">OCLCQ</subfield><subfield code="d">CVF</subfield><subfield code="d">NVF</subfield><subfield code="d">OCLCQ</subfield><subfield code="d">OCLCF</subfield><subfield code="d">OCLCO</subfield><subfield code="d">NVF</subfield><subfield code="d">OCLCO</subfield></datafield><datafield ind1="1" ind2=" " tag="029"><subfield code="a">AU@</subfield><subfield code="b">000024692990</subfield></datafield><datafield ind1=" " ind2=" " tag="042"><subfield code="a">pcc</subfield></datafield><datafield ind1=" " ind2=" " tag="043"><subfield code="a">n-us-il</subfield></datafield><datafield ind1="0" ind2="4" tag="245"><subfield code="a">The Streator monitor and Vermillion news.</subfield></datafield><datafield ind1=" " ind2=" " tag="260"><subfield code="a">Streator [Ill.] :</subfield><subfield code="b">Fred D. Dalton,</subfield><subfield code="c">1872-[187-?]</subfield></datafield><datafield ind1=" " ind2=" " tag="300"><subfield code="a">volumes</subfield></datafield><datafield ind1=" " ind2=" " tag="310"><subfield code="a">Weekly</subfield></datafield><datafield ind1="0" ind2=" " tag="362"><subfield code="a">Vol. 3, no. 12 (Mar. 30, 1872)-</subfield></datafield><datafield ind1=" " ind2=" " tag="588"><subfield code="a">Latest issue consulted: June 13, 1872.</subfield></datafield><datafield ind1=" " ind2="0" tag="651"><subfield code="a">Streator (Ill.)</subfield><subfield code="v">Newspapers.</subfield></datafield><datafield ind1=" " ind2="0" tag="651"><subfield code="a">Vermillion (Ill. : Township)</subfield><subfield code="v">Newspapers.</subfield></datafield><datafield ind1=" " ind2="7" tag="651"><subfield code="a">Illinois</subfield><subfield code="z">Streator.</subfield><subfield code="2">fast</subfield><subfield code="0">(OCoLC)fst01212827</subfield></datafield><datafield ind1=" " ind2="7" tag="655"><subfield code="a">Newspapers.</subfield><subfield code="2">fast</subfield><subfield code="0">(OCoLC)fst01423814</subfield></datafield><datafield ind1=" " ind2=" " tag="752"><subfield code="a">United States</subfield><subfield code="b">Illinois</subfield><subfield code="c">La Salle County</subfield><subfield code="d">Streator.</subfield></datafield><datafield ind1="0" ind2="0" tag="780"><subfield code="t">Streator monitor (Streator, Ill. : 1872)</subfield><subfield code="w">(DLC)sn 90054131</subfield><subfield code="w">(OCoLC)22742070</subfield></datafield><datafield ind1="0" ind2="0" tag="785"><subfield code="t">Streator monitor (Streator, Ill. : 1875)</subfield><subfield code="w">(DLC)sn 90054132</subfield><subfield code="w">(OCoLC)22742162</subfield></datafield></record>